@misc{label,
    author = {Author},
    title = {Title},
    howpublished = {\url{URL}},
    year = {Year},
    note = {(Accessed on MM/DD/YYYY)}
}
